@book{intro_book,
author="Michael A. Nielsen",
title="Neural Networks and Deep Learning", 
publisher="Determination Press",
year=2015
}
@Misc{DIMACS,
title = {{DIMACS clique benchmark instances}},
howpublished = {ftp://dimacs.rutgers.edu/pub/challenge/graph/benchmarks/clique}
}